<record><leader>00000cas a22000007a 4500</leader><controlfield tag="001">11144987</controlfield><controlfield tag="008">840912d18761882ksuwr ne      0    0eng d</controlfield><controlfield tag="009">3789</controlfield><datafield ind1=" " ind2=" " tag="010"><subfield code="a">sn 84029688 </subfield></datafield><datafield ind1=" " ind2=" " tag="040"><subfield code="a">KSH</subfield><subfield code="b">eng</subfield><subfield code="c">KSH</subfield><subfield code="d">NPT</subfield><subfield code="d">YOX</subfield><subfield code="d">KRTAS</subfield></datafield><datafield ind1=" " ind2=" " tag="042"><subfield code="a">msc</subfield></datafield><datafield ind1="0" ind2=" " tag="130"><subfield code="a">Ellis County star (Hays City, Kan. : 1876)</subfield></datafield><datafield ind1="0" ind2="0" tag="245"><subfield code="a">Ellis County star.</subfield></datafield><datafield ind1=" " ind2=" " tag="260"><subfield code="a">Hays City, Kan. :</subfield><subfield code="b">J.H. Downing,</subfield><subfield code="c">1876-1882.</subfield></datafield><datafield ind1=" " ind2=" " tag="300"><subfield code="a">6 v. ;</subfield><subfield code="c">55 cm.</subfield></datafield><datafield ind1=" " ind2=" " tag="310"><subfield code="a">Weekly</subfield></datafield><datafield ind1="0" ind2=" " tag="362"><subfield code="a">Vol. 1, no. 1 (Apr. 6, 1876)-v. 6, no. 35 (Jan. 12, 1882).</subfield></datafield><datafield ind1=" " ind2=" " tag="500"><subfield code="a">"Republican."</subfield></datafield><datafield ind1=" " ind2=" " tag="752"><subfield code="a">United States</subfield><subfield code="b">Kansas</subfield><subfield code="c">Ellis</subfield><subfield code="d">Hays.</subfield></datafield><datafield ind1="0" ind2="7" tag="785"><subfield code="t">Hays City sentinel</subfield><subfield code="w">(DLC)sn 84029686</subfield></datafield><datafield ind1="0" ind2="7" tag="785"><subfield code="t">Star-sentinel</subfield><subfield code="w">(DLC)sn 84029685</subfield></datafield><datafield ind1=" " ind2=" " tag="938"><subfield code="a">Kirtas Technologies, Inc.</subfield><subfield code="b">KRTS</subfield><subfield code="n">738761</subfield></datafield></record>